@inproceedings{frank2000,
 author = {Frank M. et. al.},
 title = {Data persistency solution for LHCb},
 booktitle = {Proceedings of CHEP 2000},
 url = {http://lhcb-comp.web.cern.ch/lhcb-comp/general/publications/pap-c153.pdf},
 year = 2000
}